<record><leader>00000cas a22000007a 4500</leader><controlfield tag="001">17460582</controlfield><controlfield tag="008">880211d19uu1981lauwr ne      0    0eng d</controlfield><datafield ind1=" " ind2=" " tag="010"><subfield code="a">sn 88064075 </subfield></datafield><datafield ind1=" " ind2=" " tag="040"><subfield code="a">LNP</subfield><subfield code="b">eng</subfield><subfield code="c">LNP</subfield><subfield code="d">OCLCQ</subfield></datafield><datafield ind1=" " ind2=" " tag="042"><subfield code="a">msc</subfield></datafield><datafield ind1="0" ind2="4" tag="245"><subfield code="a">The Bernice news-journal.</subfield></datafield><datafield ind1=" " ind2=" " tag="260"><subfield code="a">Bernice, Union Parish, La. :</subfield><subfield code="b">Guy R. and Flora White</subfield></datafield><datafield ind1=" " ind2=" " tag="310"><subfield code="a">Weekly</subfield></datafield><datafield ind1="0" ind2=" " tag="362"><subfield code="a">-v. 71, no. 33 (Oct. 29, 1981).</subfield></datafield><datafield ind1=" " ind2=" " tag="515"><subfield code="a">Issue for Nov. 3, 1960 is misdated Nov. 4, 1960.</subfield></datafield><datafield ind1=" " ind2=" " tag="588"><subfield code="a">Description based on: Vol. 49, no. 29 (Jan. 7, 1960).</subfield></datafield><datafield ind1=" " ind2=" " tag="752"><subfield code="a">United States</subfield><subfield code="b">Louisiana</subfield><subfield code="c">Union</subfield><subfield code="d">Bernice.</subfield></datafield><datafield ind1="0" ind2="0" tag="780"><subfield code="t">Bernice journal</subfield><subfield code="w">(DLC)   88064074</subfield></datafield><datafield ind1="0" ind2="4" tag="785"><subfield code="t">Gazette (Farmerville, La.)</subfield><subfield code="g">Nov. 5, 1981</subfield><subfield code="w">(DLC)sn 88064076</subfield></datafield><datafield ind1="1" ind2=" " tag="029"><subfield code="a">AU@</subfield><subfield code="b">000025823179</subfield></datafield></record>